% This file was created with JabRef 2.8.1.
% Encoding: ISO-8859-1

%=============================================================================
% FOURNITURES POUR EDF : RAPPORTS, PRESENTATIONS...
%=============================================================================

@MISC{Dagoberta,
  author = {Tristan Dagobert},
  title = {Estimation de noyaux de flou \`a FTM r\'eelle et \`a sym\'etrie centrale},
  __markedentry = {[tristan:1]},
  owner = {tristan},
  timestamp = {2013.02.27}
}

@MISC{Dagobertb,
  author = {Tristan Dagobert},
  title = {\'{E}tude de noyaux de flous},
  __markedentry = {[tristan:1]},
  owner = {tristan},
  timestamp = {2013.02.27}
}

@MISC{Dagobertd,
  author = {Tristan Dagobert},
  title = {\'{E}tude de la m\'ethode d'ACP pour la correction d'images turbulentes},
  __markedentry = {[tristan:1]},
  owner = {tristan},
  timestamp = {2013.02.27}
}

@MISC{Dagobertc,
  author = {Tristan Dagobert and Yohann Tendero},
  title = {\'{E}tude de la m\'ethode d'ACP pour la correction d'images d\'egrad\'ees
	par la turbulence},
  __markedentry = {[tristan:1]},
  owner = {tristan},
  timestamp = {2013.02.27}
}

@MISC{Gilles,
  author = {J\'er\^ome Gilles},
  title = {Stabilisation non rigide de Mao-Gilles},
  __markedentry = {[tristan:1]},
  owner = {tristan},
  timestamp = {2013.02.27}
}

@MISC{Meinhardt-Llopis,
  author = {Enric Meinhardt-Llopis},
  title = {Simulating turbulent images of static objects},
  __markedentry = {[tristan:1]},
  owner = {tristan},
  timestamp = {2013.02.27}
}

@MISC{Meinhardt-Llopisa,
  author = {Enric Meinhardt-Llopis},
  title = {Estimation de noyaux de turbulence par histogrammes de flot optique},
  __markedentry = {[tristan:1]},
  owner = {tristan},
  timestamp = {2013.02.27}
}


%=============================================================================
% BIBLIOGRAPHIE GENERALE
%=============================================================================
@ARTICLE{Dagobert2012,
  author = {Tristan Dagobert and Yohann Tendero},
  title = {Study of the principal component analysis method for the correction 
of images degraded by turbulence (submitted version 1)},
  journal = {IPOL},
  year = {2012},
  owner = {tristan},
  timestamp = {2013.02.27}
}

@CONFERENCE{Gilles2012,
      author = {J\'er\^ome Gilles and Stanley Osher},
      title = {Fried Deconvolution},
      booktitle = {SPIE Defense, Security and Sensing conference},
      year = {2012},
      address = {Baltimore, US},
      month = {April}
      }

@BOOK{dolin2006theory,
  title = {Theory of Imaging Through Wavy Sea Surface},
  publisher = {Russian Academy of Sciences Institute of Applied Physics},
  year = {2006},
  author = {Dolin, L.},
  __markedentry = {[tristan:2]},
  isbn = {9785804800384},
  url = {http://books.google.fr/books?id=WfhdPwAACAAJ}
}

@ARTICLE{Fried1978,
  author = {David L. Fried},
  title = {Probability of getting a lucky short-exposure image through turbulence},
  journal = {J. Opt. Soc. Am.},
  year = {1978},
  volume = {68},
  pages = {1651--1657},
  number = {12},
  month = {Dec},
  __markedentry = {[tristan:2]},
  abstract = {In short-exposure imaging through turbulence, there is some probability
	that the image will be nearly diffraction limited because the instantaneous
	wave-front distortion over the aperture was negligible. A number
	of years ago in a rather brief paper, Hufnagel (1966) argued heuristically
	that the probability of getting a good image would decrease exponentially
	with aperture area. This paper undertakes a rigorous quantitative
	analysis of the probability. We find that the probability of obtaining
	a good short-exposure image is Prob ? 5.6exp\[-0.1557 (D/r0)2\] (for
	D/r0 $\geq$ 3.5), where D is the aperture diameter and r0 is the
	coherence length of the distorted wave front, as defined by Fried
	(1967). A good image is taken to be one for which the squared wave-front
	distortion over the aperture is I rad2 or less. The analysis is based
	on the decomposition of the distorted wave front over the aperture,
	in an orthonormal series with randomly independent coefficients.
	The orthonormal functions used are the eigenfunctions of a Karhunen-Lo\`{e}ve
	integral equation. The integral equation is solved using a separation
	of variables into radial and azimuthal dependence. The azimuthal
	dependence was solved analytically and the radial, numerically. The
	first 569 radial eigenfunctions and eigenvalues were obtained. The
	probability of obtaining a good short-exposure image corresponds
	to a hyperspace integral in which the spatial dimensions are the
	independent random coefficients in the orthonormal series expansion.
	It is equal to the probability that a randomly chosen point in the
	hyperspace will lie within a hypersphere of unit radius, the points
	in the hyperspace being randomly chosen in accordance with the product
	of independent Gaussian probability distribution---one distribution
	for each dimension. The variance of these distrbutions is directly
	proportional to the eigenvalues of the Karhunen-Loeve equation. This
	hyperspace integral (involving up to several hundred dimensions)
	has been evaluated using Monte Carlo techniques.},
  doi = {10.1364/JOSA.68.001651},
  publisher = {OSA},
  url = {http://www.opticsinfobase.org/abstract.cfm?URI=josa-68-12-1651}
}

@ARTICLE{fried1966,
  author = {David L. Fried},
  title = {Optical Resolution Through a Randomly Inhomogeneous Medium for Very
	Long and Very Short Exposures},
  journal = {J. Opt. Soc. Am.},
  year = {1966},
  volume = {56},
  pages = {1372--1379},
  number = {10},
  month = {Oct},
  __markedentry = {[tristan:2]},
  abstract = {A theoretical foundation is developed for relating the statistics
	of wave distortion to optical resolution. The average resolution
	of very-long- and very-short-exposure images is studied in terms
	of the phase- and log-amplitude-structure functions, whose sum we
	call the ``wave-structure function.'' Those results which are comparable
	are in agreement with the findings of Hufnagel and Stanley who studied
	the average modulation transfer function of long-exposure images.
	It is found that the average short-exposure resolution can be significantly
	better than the average long-exposure resolution, but only if the
	wave distortion does not include substantial intensity variation.},
  doi = {10.1364/JOSA.56.001372},
  publisher = {OSA},
  url = {http://www.opticsinfobase.org/abstract.cfm?URI=josa-56-10-1372}
}

@ARTICLE{Hou2008,
  author = {Weilin Hou and Deric J. Gray and Alan D. Weidemann and Robert A.
	Arnone},
  title = {Comparison and validation of point spread models for imaging in natural
	waters},
  journal = {optics express},
  year = {2008},
  volume = {16},
  number = {13},
  month = {june},
  __markedentry = {[tristan:2]},
  owner = {tristan},
  timestamp = {2013.02.20}
}
  
@ARTICLE{Giraud2006,
  author = {B.G. Giraud and R. Peschanski},
  title = {On Positive Functions with Positive Fourier Transforms},
  journal = {Acta Physica Polonica B},
  year = {2006},
  volume = {37},
  pages = {331-346},
  number = {2},
  month = {February},
  owner = {tristan},
  timestamp = {2013.01.23}
}

%=============================================================================
% BIBLIOGRAPHIE POUR MAO-GILLES
%=============================================================================
@ARTICLE{Mao2012,
  author = {Y. Mao and J. Gilles},
  title = {Non rigid geometric distortions correction - Application to Atmospheric Turbulence Stabilization},
  journal = {Journal of Inverse Problems and Imaging},
  year = {2012},
  volume = {6},
  pages = {531--546},
  number = {3},
  doi = {10.3934/ipi.2012.6.531}
}

@ARTICLE{Rudin1992,
  author = {L. Rudin and S. Osher and E. Fatemi},
  title = {Nonlinear total variation based noise removal algorithms},
  journal = {Physica D},
  year = {1992},
  volume = {60},
  pages = {259--268},
  doi = {http://dx.doi.org/10.1016/0167-2789(92)90242-F}
}

@ARTICLE{Frakes,
  author = {D. H. Frakes and J. W. Monaco and M. J. T. Smith},
  title = {Suppression of atmospheric turbulence in video using an adaptive control grid interpolation approach},
  journal = {IEEE Conference Proceedings on Acoustics, Speech and Signal Processing},
  year = {2001},
  volume = {3},
  pages = {1881-1884},
  doi = {http://dx.doi.org/10.1109/ICASSP.2001.941311}
}

@ARTICLE{Osher,
  author = {S. Osher and M. Burger and D. Goldfarb and J. Xu and W. Yin},
  title = {An iterative regularization method for total variation-based image restoration},
  journal = {Multiscale Model Sim},
  year = {2005},
  volume = {4},
  pages = {460--489},
  doi = {http://dx.doi.org/10.1137/040605412}
}

@ARTICLE{Combettes,
  author = {P.L. Combettes and V. R. Wajs},
  title = {Signal recovery by proximal forward-backward splitting},
  journal = {SIAM Journal on Multiscale Modeling and Simulation},
  year = {2005},
  volume = {4},
  pages = {1168--1200},
  number = {4},
  doi = {http://dx.doi.org/10.1137/050626090}
}

@ARTICLE{Chambolle,
  author = {Antonin Chambolle},
  title = {An algorithm for total variation minimization and applications},
  journal = {Journal of Mathematical Imaging and Vision},
  year = {2004},
  volume = {20},
  pages = {89--97},
  number = {1-2},
  month = {March},
  doi = {http://dx.doi.org/10.1023/B:JMIV.0000011325.36760.1e}
}

@article{Getreuer1,
    title   = {{Rudin-Osher-Fatemi Total Variation Denoising using Split Bregman}},
    author  = {Getreuer, Pascal},
    journal = {{Image Processing On Line}},
    volume  = {2012},
    year    = {2012},
    doi     = {10.5201/ipol.2012.g-tvd}
}

@article{Getreuer2,
    title   = {{Total Variation Deconvolution using Split Bregman}},
    author  = {Getreuer, Pascal},
    journal = {{Image Processing On Line}},
    volume  = {2012},
    year    = {2012},
    doi     = {10.5201/ipol.2012.g-tvdc},
}
%=============================================================================
% BIBLIOGRAPHIE POUR ZHU
%=============================================================================
@misc{levin2007deconvolution,
  title={Deconvolution using natural image priors},
  author={Levin, A. and Fergus, R. and Durand, F. and Freeman, W.T.},
  journal={Technical report, MIT-CSAIL.},
  year={2007}
}


@article{ipol.2012.g-tvdc,
    title = {{Total Variation Deconvolution using Split Bregman}},
    author = {{Pascal Getreuer}},
    journal = {Image Processing On Line},
    year = {2012},
    doi = {10.5201/ipol.2012.g-tvdc},
}
% if your bibliography style doesn't support doi fields:
    %note = {\url{http://dx.doi.org/10.5201/ipol.2012.g-tvdc}}

@article{ipol.2011.bcm_nlm,
    title = {{Non-Local Means Denoising}},
    author = {{Antoni Buades, Bartomeu Coll, Jean-Michel Morel}},
    journal = {Image Processing On Line},
    year = {2011},
    doi = {10.5201/ipol.2011.bcm_nlm},
}
% if your bibliography style doesn't support doi fields:
    %note = {\url{http://dx.doi.org/10.5201/ipol.2011.bcm_nlm}}

@inproceedings{frakes2001suppression,
  title={Suppression of atmospheric turbulence in video using an adaptive control grid interpolation approach},
  author={Frakes, D.H. and Monaco, J.W. and Smith, M.J.T.},
  booktitle={Proceedings of the (IEEE) International Conference on Acoustics, Speech, and Signal Processing (ICASSP)},
  volume={3},
  pages={1881--1884},
  year={2001}
}
@inproceedings{levin2011efficient,
  title={Efficient marginal likelihood optimization in blind deconvolution},
  author={Levin, A. and Weiss, Y. and Durand, F. and Freeman, W.T.},
  booktitle={Proceedings of the (IEEE) Conference on Computer Vision and Pattern Recognition (CVPR)},
  pages={2657--2664},
  year={2011}
}

@inproceedings{krishnan2011blind,
  title={Blind deconvolution using a normalized sparsity measure},
  author={Krishnan, D. and Tay, T. and Fergus, R.},
  booktitle={Proceedings of the (IEEE) Conference on Computer Vision and Pattern Recognition (CVPR)},
  pages={233--240},
  year={2011}
}


@article{zhu2012removing,
  title={Removing Atmospheric Turbulence via Space-Invariant Deconvolution},
  author={Zhu, X. and Milanfar, P.},
  journal={IEEE Transactions on Pattern Analysis and Machine Intelligence},
  year={2012},
note={DOI:\url{http://doi.ieeecomputersociety.org/10.1109/TPAMI.2012.82}}
}
@inproceedings{lucky_region,
  title={Automated video enhancement from a stream of atmospherically-distorted images: the lucky-region fusion approach},
  author={Aubailly, M. and Vorontsov, M.A. and Carhart, G.W. and Valley, M.T.},
  booktitle={Proceedings the International Society for Optical Engineering (SPIE)},
  volume={7463},
  year={2009},
note={DOI:\url{http://dx.doi.org/10.1117/12.828332}}
}


@article{chan1998total,
  title={Total variation blind deconvolution},
  author={Chan, T.F. and Wong, C.K.},
  journal={IEEE Transactions on Image Processing (TIP)},
  volume={7},
  number={3},
  pages={370--375},
  year={1998}
}

@inproceedings{shan2008high,
  title={High-quality motion deblurring from a single image},
  author={Shan, Q. and Jia, J. and Agarwala, A.},
  booktitle={ACM Transactions on Graphics (TOG)},
  volume={27},
  number={3},
  pages={73},
  year={2008}
}

@InBook{Leb2000,
author = {Lebart, L. and Morineau, A. and Piron, M.},
editor = {Dunod},
title = {Statistique exploratoire multidimensionnelle},
chapter = {1},
publisher = {Dunod},
year = {2000},
OPTkey = {},
OPTvolume = {},
number = {ISBN 2100053515},
OPTseries = {},
OPTtype = {},
OPTaddress = {},
edition = {3},
OPTmonth = {},
OPTpages = {},
OPTnote = {},
OPTannote = {},
OPTurl = {},
OPTdoi = {},
OPTissn = {},
OPTlocalfile = {},
OPTabstract = {},

}
@Article{li2007atmospheric,
  title={Atmospheric turbulence-degraded image restoration using principal components analysis},
  author={Li, D. and Mersereau, R.M. and Simske, S.},
  journal={IEEE Letters on Geoscience and Remote Sensing},
  volume={4},
  number={3},
  pages={340--344},
  year={2007},
  note={DOI=\url{http://dx.doi.org/10.1109/LGRS.2007.895691}}
  
}
@inproceedings{li2004blind,
  title={Blind image deconvolution using constrained variance maximization},
  author={Li, D. and Simske, S. and Mersereau, RMM},
  booktitle={Proceedings of the IEEE conference on Signals, Systems and Computers},
  volume={2},
  pages={1762--1765},
  year={2004},
    note={DOI=\url{http://dx.doi.org/10.1109/ACSSC.2004.1399463}}
}
@article{turk1991eigenfaces,
  title={Eigenfaces for recognition},
  author={Turk, M. and Pentland, A.},
  journal={Journal of cognitive neuroscience},
  volume={3},
  number={1},
  pages={71--86},
  year={1991},
  note={DOI=\url{http://dx.doi.org/10.1162/jocn.1991.3.1.71}},
  publisher={MIT Press}
}
@article{liu2010optical,
  title={Optical flow and principal component analysis-based motion detection in outdoor videos},
  author={Liu, K. and Du, Q. and Yang, H. and Ma, B.},
  journal={EURASIP Journal on Advances in Signal Processing},
  volume={2010},
  pages={1--1},
  year={2010},
  publisher={Hindawi Publishing Corp.},
      note={DOI=\url{http://dx.doi.org/10.1155/2010/680623}}
}

%=============================================================================
% BIBLIOGRAPHIE POUR LE RETINEX
%=============================================================================
@article{ipol.2011.llmps-scb,
    title   = {{Simplest Color Balance}},
    author  = {Limare, Nicolas and Lisani, Jose-Luis and Morel, Jean-Michel and Petro, Ana Belen and Sbert, Catalina},
    journal = {{Image Processing On Line}},
    volume  = {2011},
    year    = {2011},
    doi     = {10.5201/ipol.2011.llmps-scb},
}

@article{anabelen,
	title={{Automatic correction of image intensity non-uniformity by the simplest total variation model}},
	author={Petro, Ana Belen and Sbert, Catalina and Morel, Jean-Michel},
	year={2013}
}

@article{jobsontip,
	title={Properties and performance of a center/surround retinex},
	author={Jobson, Daniel J and Rahman, Zia-ur and Woodell, Glenn A},
	journal={Image Processing, IEEE Transactions on},
	volume={6},
	number={3},
	pages={451--462},
	year={1997},
	publisher={IEEE}
}

%=============================================================================
% BIBLIOGRAPHIE POUR LE BARYCENTRE
%=============================================================================


@article{edf,
	title={On-Line Restoration for Turbulence Degraded Video in Nuclear Power Plant Reactors},
	author={Paul, Nicolas and de Chillaz, Antoine and Collette, Jean-Luc},
	journal={Astronomy and Astrophysics},
	volume={446},
	number={2},
	pages={739--745},
	year={2006},
	publisher={EDP Sciences}
}

@article{efros2005,
	title={Seeing through water},
	author={Efros, Alexei A and Isler, Volkan and Shi, Jianbo and Visontai, Mirk{\'o}},
	journal={Advances in Neural Information Processing Systems},
	volume={17},
	pages={393--400},
	year={2005}
}

@article{law2006lucky,
	title={Lucky imaging: high angular resolution imaging in the visible from the ground},
	author={Law, Nicholas M and Mackay, Craig D and Baldwin, John E},
	journal={Astronomy and Astrophysics},
	volume={446},
	number={2},
	pages={739--745},
	year={2006},
	publisher={EDP Sciences}
}

@article{nyquist1954,
	title={The distribution of random determinants},
	author={Nyquist, H. and Rice, SO and Riordan, J.},
	journal={Quarterly of Applied Mathematics},
	volume={12},
	number={2},
	pages={97--104},
	year={1954}
}

@book{laplace,
	title={The laplace distribution and generalizations: A revisit with applications to communications, economics, engineering, and finance},
	author={Kotz, S. and Kozubowski, T.J. and Podgorski, K.},
	number={183},
	year={2001},
	publisher={Birkhauser}
}

@article{friedlucky,
	title={Probability of getting a lucky short-exposure image through turbulence},
	author={Fried, D.L.},
	journal={JOSA},
	volume={68},
	number={12},
	pages={1651--1657},
	year={1978},
	publisher={Optical Society of America}
}

@article{tubbs2003,
	title={Lucky Exposures: Diffraction limited astronomical imaging through the atmosphere},
	author={Tubbs, Robert N},
	journal={arXiv preprint astro-ph/0311481},
	year={2003}
}

@techreport{frieddeco,
	title={Fried deconvolution},
	author={Gilles, J. and Osher, S.},
	year={2011},
	institution={CAM Technical Report 11-62, UCLA Department of Mathematics}
}

@article{micheli2013,
	title={The Centroid Method for Imaging through Turbulence},
	author={Micheli, M.},
	journal={arXiv preprint arXiv:1206.3925},
	year={2013}
}

@book{roggemann,
	title={Imaging through turbulence},
	author={Roggemann, M.C. and Welsh, B.M.},
	year={1996},
	publisher={CRC}
}

@article{roddier1981,
	title={The effects of atmospheric turbulence in optical astronomy},
	author={Roddier, F.},
	journal={Progress in optics.},
	volume={19},
	pages={281--376},
	year={1981}
}

@article{fried1965,
	title={Statistics of a geometric representation of wavefront distortion},
	author={Fried, D.L.},
	journal={JOSA},
	volume={55},
	number={11},
	pages={1427--1431},
	year={1965},
	publisher={Optical Society of America}
}

@techreport{hou2008comparison,
	title={Comparison and validation of point spread models for imaging in natural waters},
	author={Hou, W. and Gray, D. and Weidemann, A. and Arnone, R.},
	year={2008},
	institution={DTIC Document}
}

@book{dolin2006,
	title={Theory of imaging through wavy sea surface},
	author={Dolin, L.},
	year={2006},
	publisher={Russian Academy of Sciences Institute of Applied Physics}
}

@inproceedings{gilbert1971optical,
	title={Optical turbulence in the sea},
	author={Gilbert, G.D. and Honey, R.C.},
	booktitle={Underwater photo-optical instrumentation applications},
	pages={49--56},
	year={1971},
	organization={International Society for Optics and Photonics}
}

@article{maogilles2012,
	title={Non rigid geometric distortions correction-application to atmospheric turbulence stabilization},
	author={Mao, Y. and Gilles, J.},
	journal={Inverse Problems and Imaging},
	volume={6},
	number={3},
	pages={531--546},
	year={2012}
}


@book{cox1956slopes,
	title={Slopes of the sea surface deduced from photographs of sun glitter},
	author={Cox, Charles and Munk, Walter Heinrich},
	year={1956},
	publisher={University of California Press}
}

@incollection{zach2007duality,
	title={A duality based approach for realtime TV-L 1 optical flow},
	author={Zach, Christopher and Pock, Thomas and Bischof, Horst},
	booktitle={Pattern Recognition},
	pages={214--223},
	year={2007},
	publisher={Springer}
}

@article{TVL1ipol,
    title   = {{TV-L1 Optical Flow Estimation}},
    author  = {Sanchez, Javier and Meinhardt-Llopis, Enric and Facciolo, Gabriele},
    journal = {{Image Processing On Line}},
    volume  = {2013},
    year    = {2013}
}

@article{HSipol,
    title   = {{Horn-Schunck Optical Flow with a Multi-Scale Strategy}},
    author  = {Meinhardt-Llopis, Enric and Sanchez, Javier},
    journal = {{Image Processing On Line}},
    volume  = {2013},
    year    = {2013}
}

@article{horn1981determining,
	title={Determining optical flow},
	author={Horn, Berthold KP and Schunck, Brian G},
	journal={Artificial intelligence},
	volume={17},
	number={1},
	pages={185--203},
	year={1981},
	publisher={Elsevier}
}

@article{bouguet2001pyramidal,
	title={Pyramidal implementation of the affine lucas kanade feature tracker description of the algorithm},
	author={Bouguet, Jean-Yves},
	journal={Intel Corporation},
	year={2001}
}

@article{keys1981cubic,
	title={Cubic convolution interpolation for digital image processing},
	author={Keys, Robert},
	journal={Acoustics, Speech and Signal Processing, IEEE Transactions on},
	volume={29},
	number={6},
	pages={1153--1160},
	year={1981},
	publisher={IEEE}
}

@article{vorontsov2001anisoplanatic,
	title={Anisoplanatic imaging through turbulent media: image recovery by local information fusion from a set of short-exposure images},
	author={Vorontsov, Mikhail A and Carhart, Gary W},
	journal={JOSA A},
	volume={18},
	number={6},
	pages={1312--1324},
	year={2001},
	publisher={Optical Society of America}
}

@inproceedings{wen2006bicoherence,
	title={Bicoherence used to predict lucky regions in turbulence affected surveillance},
	author={Wen, Zhiying and Fraser, Donald and Lambert, Andrew},
	booktitle={Video and Signal Based Surveillance, 2006. AVSS'06. IEEE International Conference on},
	pages={108--108},
	year={2006},
	organization={IEEE}
}

@inproceedings{buades2005non,
	title={A non-local algorithm for image denoising},
	author={Buades, Antoni and Coll, Bartomeu and Morel, J-M},
	booktitle={Computer Vision and Pattern Recognition, 2005. CVPR 2005. IEEE Computer Society Conference on},
	volume={2},
	pages={60--65},
	year={2005},
	organization={IEEE}
}

@article{pennec2006intrinsic,
	title={Intrinsic statistics on Riemannian manifolds: Basic tools for geometric measurements},
	author={Pennec, Xavier},
	journal={Journal of Mathematical Imaging and Vision},
	volume={25},
	number={1},
	pages={127--154},
	year={2006},
	publisher={Springer}
}

@incollection{thorstensen2009pre,
	title={Pre-Image as Karcher Mean using Diffusion Maps: Application to shape and image denoising},
	author={Thorstensen, Nicolas and Segonne, Florent and Keriven, Renaud},
	booktitle={Scale Space and Variational Methods in Computer Vision},
	pages={721--732},
	year={2009},
	publisher={Springer}
}

@article{klassen2004analysis,
	title={Analysis of planar shapes using geodesic paths on shape spaces},
	author={Klassen, Eric and Srivastava, Anuj and Mio, M and Joshi, Shantanu H},
	journal={Pattern Analysis and Machine Intelligence, IEEE Transactions on},
	volume={26},
	number={3},
	pages={372--383},
	year={2004},
	publisher={IEEE}
}

@article{chen2008,
	title={A simple fixed-point approach to invert a deformation field},
	author={Chen, Mingli and Lu, Weiguo and Chen, Quan and Ruchala, Kenneth J and Olivera, Gustavo H},
	journal={Medical physics},
	volume={35},
	pages={81},
	year={2008}
}

@inproceedings{tian2009seeing,
	title={Seeing through water: Image restoration using model-based tracking},
	author={Tian, Yuandong and Narasimhan, Srinivasa G},
	booktitle={Computer Vision, 2009 IEEE 12th International Conference on},
	pages={2303--2310},
	year={2009},
	organization={IEEE}
}

@article{getreuer2012,
	title   = {{Total Variation Deconvolution using Split Bregman}},
	author  = {Getreuer, Pascal},
	journal = {{Image Processing On Line}},
	volume  = {2012},
	year    = {2012},
	doi     = {10.5201/ipol.2012.g-tvdc},
}

@article{micheli2012linear,
	title={A linear systems approach to imaging through turbulence},
	author={Micheli, Mario and Lou, Yifei and Soatto, Stefano and Bertozzi, Andrea L},
	journal={Journal of Mathematical Imaging and Vision, to appear},
	year={2012}
}

@article{ipol.2013.46,
    title   = {{Mao-Gilles Stabilization Algorithm}},
    author  = {Gilles, Jérôme},
    journal = {{Image Processing On Line}},
    volume  = {2013},
    pages   = {173--182},
    year    = {2013},
    doi     = {10.5201/ipol.2013.46},
}


@comment{jabref-meta: selector_review:}

@comment{jabref-meta: selector_publisher:}

@comment{jabref-meta: selector_author:}

@comment{jabref-meta: selector_journal:}

@comment{jabref-meta: selector_keywords:}

